@misc{ CSharpWiki,
    author = "{Wikipedia contributors}",
    title = "C Sharp (programming language) --- {W}ikipedia{,} The Free Encyclopedia",
    year = "2021",
    url = "https://en.wikipedia.org/wiki/C_Sharp_(programming_language)",
    note = "[Online; accessed 09-February-2021]"
}

@misc{ APIWiki,
    author ="{Wikipedia contributors}",
    title = "API --- {W}ikipedia{,} The Free Encyclopedia",
    year = "2021",
    url = "https://en.wikipedia.org/wiki/API",
    note = "[Online; accessed 02-February-2021]"
}

@article{ DrawCalls,
    author = "Tonči Jukić",
    title = "{Draw calls in a nutshell}",
    journal = "Medium",
    year = "2015",
    DOI = "https://medium.com/@toncijukic/draw-calls-in-a-nutshell-597330a85381",
    keywords = "Draw calls"
}
